@article{Alice2023example,
    title={An Example Article},
    author={Alice, Bob and Charlie},
    journal={Journal of Examples},
    volume={12},
    number={3},
    pages={123--456},
    year={2023},
    publisher={Example Publisher}
}
